<?xml version="1.0" encoding="UTF-8"?><collection xmlns="http://www.loc.gov/MARC21/slim"><record><leader>00445nam--2200157-i-4500</leader><controlfield tag="001">000001772</controlfield><controlfield tag="002">20161230</controlfield><controlfield tag="005">20170211161757</controlfield><controlfield tag="008">060222s1000------------r-----000-0-eng-d</controlfield><datafield ind1=" " ind2=" " tag="080"><subfield code="a">77:54:53</subfield></datafield><datafield ind1=" " ind2=" " tag="100"><subfield code="a">Glafkides, Pierre</subfield></datafield><datafield ind1=" " ind2=" " tag="245"><subfield code="a">Chimie et phisique photographiques. 3-e edition revue et tres augmentee</subfield></datafield><datafield ind1=" " ind2=" " tag="260"><subfield code="a">Paris</subfield><subfield code="b">Publications Photo-cinema Paul Montel</subfield><subfield code="c">1967</subfield></datafield><datafield ind1=" " ind2=" " tag="300"><subfield code="a">871 p</subfield></datafield><datafield ind1=" " ind2=" " tag="852"><subfield code="a">29203</subfield></datafield><datafield ind1=" " ind2=" " tag="CAT"><subfield code="a">SYS</subfield><subfield code="c">20170211</subfield><subfield code="h">161757</subfield></datafield></record></collection>